@article{Moorcroft_2001_ED,
	doi = {10.1890/0012-9615(2001)071[0557:amfsvd]2.0.co;2},
	url = {https://doi.org/10.1890%2F0012-9615%282001%29071%5B0557%3Aamfsvd%5D2.0.co%3B2},
	year = 2001,
	month = {nov},
	publisher = {Wiley-Blackwell},
	volume = {71},
	number = {4},
	pages = {557--586},
	author = {P. R. Moorcroft and G. C. Hurtt and S. W. Pacala},
	title = {A Method For Scaling Vegetation Dynamics: The Ecosystem Demography Model ({ED})},
	journal = {Ecological Monographs}
}

@article{Medvigy_2009_ED2,
	doi = {10.1029/2008jg000812},
	url = {https://doi.org/10.1029%2F2008jg000812},
	year = 2009,
	month = {jan},
	publisher = {American Geophysical Union ({AGU})},
	volume = {114},
	number = {G1},
	author = {D. Medvigy and S. C. Wofsy and J. W. Munger and D. Y. Hollinger and P. R. Moorcroft},
	title = {Mechanistic scaling of ecosystem function and dynamics in space and time: Ecosystem Demography model version 2},
	journal = {Journal of Geophysical Research}
}

@article{quaife_2008_assimilating,
	doi = {10.1016/j.rse.2007.05.020},
	url = {https://doi.org/10.1016%2Fj.rse.2007.05.020},
	year = 2008,
	month = {apr},
	publisher = {Elsevier {BV}},
	volume = {112},
	number = {4},
	pages = {1347--1364},
	author = {T QUAIFE and P LEWIS and M DEKAUWE and M WILLIAMS and B LAW and M DISNEY and P BOWYER},
	title = {Assimilating canopy reflectance data into an ecosystem model with an Ensemble Kalman Filter},
	journal = {Remote Sensing of Environment}
}
@article{Post_2017_estimation,
	doi = {10.1002/2015jg003297},
	url = {https://doi.org/10.1002%2F2015jg003297},
	year = 2017,
	month = {mar},
	publisher = {American Geophysical Union ({AGU})},
	volume = {122},
	number = {3},
	pages = {661--689},
	author = {Hanna Post and Jasper A. Vrugt and Andrew Fox and Harry Vereecken and Harrie-Jan Hendricks Franssen},
	title = {Estimation of Community Land Model parameters for an improved assessment of net carbon fluxes at European sites},
	journal = {Journal of Geophysical Research: Biogeosciences}
}
@article{MacBean_2018_strong,
	doi = {10.1038/s41598-018-20024-w},
	url = {https://doi.org/10.1038%2Fs41598-018-20024-w},
	year = 2018,
	month = {jan},
	publisher = {Springer Nature},
	volume = {8},
	number = {1},
	author = {Natasha MacBean and Fabienne Maignan and C{\'{e}}dric Bacour and Philip Lewis and Philippe Peylin and Luis Guanter and Philipp Köhler and Jose G{\'{o}}mez-Dans and Mathias Disney},
	title = {Strong constraint on modelled global carbon uptake using solar-induced chlorophyll fluorescence data},
	journal = {Scientific Reports}
}
@article{Viskari_2015_modeldata,
	doi = {10.1890/14-0497.1},
	url = {https://doi.org/10.1890%2F14-0497.1},
	year = 2015,
	month = {mar},
	publisher = {Wiley-Blackwell},
	volume = {25},
	number = {2},
	pages = {546--558},
	author = {Toni Viskari and Brady Hardiman and Ankur R. Desai and Michael C. Dietze},
	title = {Model-data assimilation of multiple phenological observations to constrain and predict leaf area index},
	journal = {Ecological Applications}
}
@article{Peylin_2016_stepwise,
	doi = {10.5194/gmd-9-3321-2016},
	url = {https://doi.org/10.5194%2Fgmd-9-3321-2016},
	year = 2016,
	month = {sep},
	publisher = {Copernicus {GmbH}},
	volume = {9},
	number = {9},
	pages = {3321--3346},
	author = {Philippe Peylin and C{\'{e}}dric Bacour and Natasha MacBean and S{\'{e}}bastien Leonard and Peter Rayner and Sylvain Kuppel and Ernest Koffi and Abdou Kane and Fabienne Maignan and Fr{\'{e}}d{\'{e}}ric Chevallier and Philippe Ciais and Pascal Prunet},
	title = {A new stepwise carbon cycle data assimilation system using multiple data streams to constrain the simulated land surface carbon cycle},
	journal = {Geoscientific Model Development}
}
@article{Schurmann_2016_constraining,
	doi = {10.5194/gmd-9-2999-2016},
	url = {https://doi.org/10.5194%2Fgmd-9-2999-2016},
	year = 2016,
	month = {sep},
	publisher = {Copernicus {GmbH}},
	volume = {9},
	number = {9},
	pages = {2999--3026},
	author = {Gregor J. Schürmann and Thomas Kaminski and Christoph Köstler and Nuno Carvalhais and Michael Vo{\ss}beck and Jens Kattge and Ralf Giering and Christian Rödenbeck and Martin Heimann and Sönke Zaehle},
	title = {Constraining a land-surface model with multiple observations by application of the {MPI}-Carbon Cycle Data Assimilation System V1.0},
	journal = {Geoscientific Model Development}
}
@article{Knorr_2010_carbon,
	doi = {10.1029/2009jg001119},
	url = {https://doi.org/10.1029%2F2009jg001119},
	year = 2010,
	month = {nov},
	publisher = {American Geophysical Union ({AGU})},
	volume = {115},
	number = {G4},
	author = {W. Knorr and T. Kaminski and M. Scholze and N. Gobron and B. Pinty and R. Giering and P.-P. Mathieu},
	title = {Carbon cycle data assimilation with a generic phenology model},
	journal = {Journal of Geophysical Research}
}
@article{Myneni_1994_relationship,
	doi = {10.1016/0034-4257(94)90016-7},
	url = {https://doi.org/10.1016%2F0034-4257%2894%2990016-7},
	year = 1994,
	month = {sep},
	publisher = {Elsevier {BV}},
	volume = {49},
	number = {3},
	pages = {200--211},
	author = {R.B. Myneni and D.L. Williams},
	title = {On the relationship between {FAPAR} and {NDVI}},
	journal = {Remote Sensing of Environment}
}
@article{Fensholt_2004_evaluation,
	doi = {10.1016/j.rse.2004.04.009},
	url = {https://doi.org/10.1016%2Fj.rse.2004.04.009},
	year = 2004,
	month = {jun},
	publisher = {Elsevier {BV}},
	volume = {91},
	number = {3-4},
	pages = {490--507},
	author = {Rasmus Fensholt and Inge Sandholt and Michael Schultz Rasmussen},
	title = {Evaluation of {MODIS} {LAI}, {fAPAR} and the relation between {fAPAR} and {NDVI} in a semi-arid environment using in situ measurements},
	journal = {Remote Sensing of Environment}
}
@article{Carlson_1997_relation,
	doi = {10.1016/s0034-4257(97)00104-1},
	url = {https://doi.org/10.1016%2Fs0034-4257%2897%2900104-1},
	year = 1997,
	month = {dec},
	publisher = {Elsevier {BV}},
	volume = {62},
	number = {3},
	pages = {241--252},
	author = {Toby N. Carlson and David A. Ripley},
	title = {On the relation between {NDVI}, fractional vegetation cover, and leaf area index},
	journal = {Remote Sensing of Environment}
}
@article{Liu_2018_satellite,
	doi = {10.1016/j.rse.2017.12.024},
	url = {https://doi.org/10.1016%2Fj.rse.2017.12.024},
	year = 2018,
	month = {mar},
	publisher = {Elsevier {BV}},
	volume = {206},
	pages = {174--188},
	author = {Yibo Liu and Jingfeng Xiao and Weimin Ju and Gaolong Zhu and Xiaocui Wu and Weiliang Fan and Dengqiu Li and Yanlian Zhou},
	title = {Satellite-derived {LAI} products exhibit large discrepancies and can lead to substantial uncertainty in simulated carbon and water fluxes},
	journal = {Remote Sensing of Environment}
}
@article{Wenze_Yang_2006_modis,
	doi = {10.1109/tgrs.2006.871215},
	url = {https://doi.org/10.1109%2Ftgrs.2006.871215},
	year = 2006,
	month = {jul},
	publisher = {Institute of Electrical and Electronics Engineers ({IEEE})},
	volume = {44},
	number = {7},
	pages = {1885--1898},
	author = {Wenze Yang and  Bin Tan and  Dong Huang and M. Rautiainen and N.V. Shabanov and Y. Wang and J.L. Privette and K.F. Huemmrich and R. Fensholt and I. Sandholt and M. Weiss and D.E. Ahl and S.T. Gower and R.R. Nemani and Y. Knyazikhin and R.B. Myneni},
	title = {{MODIS} leaf area index products: from validation to algorithm improvement},
	journal = {{IEEE} Transactions on Geoscience and Remote Sensing}
}
@article{Wang_2004_evaluation,
	doi = {10.1016/j.rse.2004.02.007},
	url = {https://doi.org/10.1016%2Fj.rse.2004.02.007},
	year = 2004,
	month = {may},
	publisher = {Elsevier {BV}},
	volume = {91},
	number = {1},
	pages = {114--127},
	author = {Yujie Wang and Curtis E Woodcock and Wolfgang Buermann and Pauline Stenberg and Pekka Voipio and Heikki Smolander and Tuomas Häme and Yuhong Tian and Jiannan Hu and Yuri Knyazikhin and Ranga B Myneni},
	title = {Evaluation of the {MODIS} {LAI} algorithm at a coniferous forest site in Finland},
	journal = {Remote Sensing of Environment}
}
@article{Combal_2003_retrieval,
	doi = {10.1016/s0034-4257(02)00035-4},
	url = {https://doi.org/10.1016%2Fs0034-4257%2802%2900035-4},
	year = 2003,
	month = {jan},
	publisher = {Elsevier {BV}},
	volume = {84},
	number = {1},
	pages = {1--15},
	author = {B Combal and F Baret and M Weiss and A Trubuil and D Mac{\'{e}} and A Pragn{\`{e}}re and R Myneni and Y Knyazikhin and L Wang},
	title = {Retrieval of canopy biophysical variables from bidirectional reflectance},
	journal = {Remote Sensing of Environment}
}
@article{Lewis_2007_spectral,
	doi = {10.1016/j.rse.2006.12.015},
	url = {https://doi.org/10.1016%2Fj.rse.2006.12.015},
	year = 2007,
	month = {jul},
	publisher = {Elsevier {BV}},
	volume = {109},
	number = {2},
	pages = {196--206},
	author = {P. Lewis and M. Disney},
	title = {Spectral invariants and scattering across multiple scales from within-leaf to canopy},
	journal = {Remote Sensing of Environment}
}
@article{Swann_2010_changes,
	doi = {10.1073/pnas.0913846107},
	url = {https://doi.org/10.1073%2Fpnas.0913846107},
	year = 2010,
	month = {jan},
	publisher = {Proceedings of the National Academy of Sciences},
	volume = {107},
	number = {4},
	pages = {1295--1300},
	author = {A. L. Swann and I. Y. Fung and S. Levis and G. B. Bonan and S. C. Doney},
	title = {Changes in Arctic vegetation amplify high-latitude warming through the greenhouse effect},
	journal = {Proceedings of the National Academy of Sciences}
}
@article{hikosaka_1995_model,
	doi = {10.1111/j.1365-3040.1995.tb00562.x},
	url = {https://doi.org/10.1111%2Fj.1365-3040.1995.tb00562.x},
	year = 1995,
	month = {jun},
	publisher = {Wiley-Blackwell},
	volume = {18},
	number = {6},
	pages = {605--618},
	author = {K. HIKOSAKA and I. TERASHIMA},
	title = {A model of the acclimation of photosynthesis in the leaves of C3 plants to sun and shade with respect to nitrogen use},
	journal = {Plant, Cell and Environment}
}
@article{Kitajima_2013_leaf,
	doi = {10.1093/aob/mct036},
	url = {https://doi.org/10.1093%2Faob%2Fmct036},
	year = 2013,
	month = {mar},
	publisher = {Oxford University Press ({OUP})},
	volume = {112},
	number = {4},
	pages = {685--699},
	author = {Kaoru Kitajima and Roberto A. Cordero and S. Joseph Wright},
	title = {Leaf life span spectrum of tropical woody seedlings: effects of light and ontogeny and consequences for survival},
	journal = {Annals of Botany}
}
@article{Robakowski_2004_growth,
	doi = {10.1016/j.foreco.2004.06.029},
	url = {https://doi.org/10.1016%2Fj.foreco.2004.06.029},
	year = 2004,
	month = {nov},
	publisher = {Elsevier {BV}},
	volume = {201},
	number = {2-3},
	pages = {211--227},
	author = {Piotr Robakowski and Tomasz Wyka and S{\l}awomir Samardakiewicz and Daniel Kierzkowski},
	title = {Growth, photosynthesis, and needle structure of silver fir (Abies alba Mill.) seedlings under different canopies},
	journal = {Forest Ecology and Management}
}
@incollection{Niinemets_2016_within,
	doi = {10.1007/978-94-017-7291-4_4},
	url = {https://doi.org/10.1007%2F978-94-017-7291-4_4},
	year = 2016,
	publisher = {Springer Netherlands},
	pages = {101--141},
	author = {Ülo Niinemets},
	editor = {Hikosaka, Kouki and Niinemets, {\:U}lo and Anten, Niels P.R.},
	title = {Within-Canopy Variations in Functional Leaf Traits: Structural, Chemical and Ecological Controls and Diversity of Responses},
	booktitle = {Canopy Photosynthesis: From Basics to Applications}
}
@article{Keenan_2016_global,
	doi = {10.1038/nplants.2016.201},
	url = {https://doi.org/10.1038%2Fnplants.2016.201},
	year = 2016,
	month = {dec},
	publisher = {Springer Nature},
	volume = {3},
	pages = {16201},
	author = {Trevor F. Keenan and Ülo Niinemets},
	title = {Global leaf trait estimates biased due to plasticity in the shade},
	journal = {Nature Plants}
}
@article{Niinemets_2006_tolerance,
	doi = {10.1890/0012-9615(2006)076[0521:ttsdaw]2.0.co;2},
	url = {https://doi.org/10.1890%2F0012-9615%282006%29076%5B0521%3Attsdaw%5D2.0.co%3B2},
	year = 2006,
	month = {nov},
	publisher = {Wiley-Blackwell},
	volume = {76},
	number = {4},
	pages = {521--547},
	author = {Ülo Niinemets and Fernando Valladares},
	title = {{TOLERANCE} {TO} {SHADE}, {DROUGHT}, {AND} {WATERLOGGING} {OF} {TEMPERATE} {NORTHERN} {HEMISPHERE} {TREES} {AND} {SHRUBS}},
	journal = {Ecological Monographs}
}
@article{Falster_2017_multitrait,
	doi = {10.1073/pnas.1610206114},
	url = {https://doi.org/10.1073%2Fpnas.1610206114},
	year = 2017,
	month = {mar},
	publisher = {Proceedings of the National Academy of Sciences},
	volume = {114},
	number = {13},
	pages = {E2719--E2728},
	author = {Daniel S. Falster and {\AA}ke Brännström and Mark Westoby and Ulf Dieckmann},
	title = {Multitrait successional forest dynamics enable diverse competitive coexistence},
	journal = {Proceedings of the National Academy of Sciences}
}
@article{Viskari_inreview_ED,
    year = {in review},
    title = {The influence of canopy radiation parameter uncertainty on model projections of terrestrial carbon and energy cycling},
    author = {Toni Viskari and Alexey N. Shiklomanov and Michael C. Dietze and Shawn P. Serbin},
    journal = {Journal of Advances in Modeling Earth Systems}
}
@article{SELLERS_1985_canopy,
	doi = {10.1080/01431168508948283},
	url = {https://doi.org/10.1080%2F01431168508948283},
	year = 1985,
	month = {aug},
	publisher = {Informa {UK} Limited},
	volume = {6},
	number = {8},
	pages = {1335--1372},
	author = {P. J. SELLERS},
	title = {Canopy reflectance, photosynthesis and transpiration},
	journal = {International Journal of Remote Sensing}
}
@misc{narr,
	author = {{National Centers for Environmental Prediction, National Weather Service, NOAA, U.S. Department of Commerce}},
	title = {{NCEP North American Regional Reanalysis (NARR)}},
	publisher  = {Research Data Archive at the National Center for Atmospheric Research, Computational and Information Systems Laboratory},
	address = {Boulder CO},
	year  = {2005},
	url = {http://rda.ucar.edu/datasets/ds608.0/}
}

