@article{bonan2008,
	doi = {10.1126/science.1155121},
	url = {https://doi.org/10.1126%2Fscience.1155121},
	year = 2008,
	month = {jun},
	publisher = {American Association for the Advancement of Science ({AAAS})},
	volume = {320},
	number = {5882},
	pages = {1444--1449},
	author = {G. B. Bonan},
	title = {Forests and Climate Change: Forcings, Feedbacks, and the Climate Benefits of Forests},
	journal = {Science}
}
@article{friedlingstein2014,
	doi = {10.1175/jcli-d-12-00579.1},
	url = {https://doi.org/10.1175%2Fjcli-d-12-00579.1},
	year = 2014,
	month = {jan},
	publisher = {American Meteorological Society},
	volume = {27},
	number = {2},
	pages = {511--526},
	author = {Pierre Friedlingstein and Malte Meinshausen and Vivek K. Arora and Chris D. Jones and Alessandro Anav and Spencer K. Liddicoat and Reto Knutti},
	title = {Uncertainties in {CMIP}5 Climate Projections due to Carbon Cycle Feedbacks},
	journal = {Journal of Climate}
}
@article{Dietze_2014,
	doi = {10.1002/2013jg002392},
	url = {https://doi.org/10.1002%2F2013jg002392},
	year = 2014,
	month = {mar},
	publisher = {Wiley-Blackwell},
	volume = {119},
	number = {3},
	pages = {286--300},
	author = {Michael C. Dietze and Shawn P. Serbin and Carl Davidson and Ankur R. Desai and Xiaohui Feng and Ryan Kelly and Rob Kooper and David LeBauer and Joshua Mantooth and Kenton McHenry and Dan Wang},
	title = {A quantitative assessment of a terrestrial biosphere model's data needs across North American biomes},
	journal = {Journal of Geophysical Research: Biogeosciences}
}
@article{Dietze_2013_modeldata,
	doi = {10.1111/pce.12043},
	url = {https://doi.org/10.1111%2Fpce.12043},
	year = 2013,
	month = {jan},
	publisher = {Wiley-Blackwell},
	volume = {36},
	number = {9},
	pages = {1575--1585},
	author = {Michael C. Dietze and David S. LeBauer and Rob Kooper},
	title = {On improving the communication between models and data},
	journal = {Plant, Cell {\&} Environment}
}
@article{LeBauer_2013_pecan,
	doi = {10.1890/12-0137.1},
	url = {https://doi.org/10.1890%2F12-0137.1},
	year = 2013,
	month = {may},
	publisher = {Wiley-Blackwell},
	volume = {83},
	number = {2},
	pages = {133--154},
	author = {David S. LeBauer and Dan Wang and Katherine T. Richter and Carl C. Davidson and Michael C. Dietze},
	title = {Facilitating feedbacks between field measurements and ecosystem models},
	journal = {Ecological Monographs}
}
@article{Wright_2017_leafsize,
	doi = {10.1126/science.aal4760},
	url = {https://doi.org/10.1126%2Fscience.aal4760},
	year = 2017,
	month = {aug},
	publisher = {American Association for the Advancement of Science ({AAAS})},
	volume = {357},
	number = {6354},
	pages = {917--921},
	author = {Ian J. Wright and Ning Dong and Vincent Maire and I. Colin Prentice and Mark Westoby and Sandra D{\'{\i}}az and Rachael V. Gallagher and Bonnie F. Jacobs and Robert Kooyman and Elizabeth A. Law and Michelle R. Leishman and Ülo Niinemets and Peter B. Reich and Lawren Sack and Rafael Villar and Han Wang and Peter Wilf},
	title = {Global climatic drivers of leaf size},
	journal = {Science}
}
@article{rogers2017_roadmap,
	doi = {10.1111/nph.14283},
	url = {https://doi.org/10.1111%2Fnph.14283},
	year = 2016,
	month = {nov},
	publisher = {Wiley-Blackwell},
	volume = {213},
	number = {1},
	pages = {22--42},
	author = {Alistair Rogers and Belinda E. Medlyn and Jeffrey S. Dukes and Gordon Bonan and Susanne von Caemmerer and Michael C. Dietze and Jens Kattge and Andrew D. B. Leakey and Lina M. Mercado and Ülo Niinemets and I. Colin Prentice and Shawn P. Serbin and Stephen Sitch and Danielle A. Way and Sönke Zaehle},
	title = {A roadmap for improving the representation of photosynthesis in Earth system models},
	journal = {New Phytologist}
}
@article{rogers2017_vcmax,
	doi = {10.1111/nph.14740},
	url = {https://doi.org/10.1111%2Fnph.14740},
	year = 2017,
	month = {sep},
	publisher = {Wiley-Blackwell},
	volume = {216},
	number = {4},
	pages = {1090--1103},
	author = {Alistair Rogers and Shawn P. Serbin and Kim S. Ely and Victoria L. Sloan and Stan D. Wullschleger},
	title = {Terrestrial biosphere models underestimate photosynthetic capacity and {CO}2
		 assimilation in the Arctic},
	journal = {New Phytologist}
}
@article{kunstler2016_competition,
	doi = {10.1038/nature16476},
	url = {https://doi.org/10.1038%2Fnature16476},
	year = 2015,
	month = {dec},
	publisher = {Springer Nature},
	volume = {529},
	number = {7585},
	pages = {204--207},
	author = {Georges Kunstler and Daniel Falster and David A. Coomes and Francis Hui and Robert M. Kooyman and Daniel C. Laughlin and Lourens Poorter and Mark Vanderwel and Ghislain Vieilledent and S. Joseph Wright and Masahiro Aiba and Christopher Baraloto and John Caspersen and J. Hans C. Cornelissen and Sylvie Gourlet-Fleury and Marc Hanewinkel and Bruno Herault and Jens Kattge and Hiroko Kurokawa and Yusuke Onoda and Josep Pe{\~{n}}uelas and Hendrik Poorter and Maria Uriarte and Sarah Richardson and Paloma Ruiz-Benito and I-Fang Sun and Göran St{\aa}hl and Nathan G. Swenson and Jill Thompson and Bertil Westerlund and Christian Wirth and Miguel A. Zavala and Hongcheng Zeng and Jess K. Zimmerman and Niklaus E. Zimmermann and Mark Westoby},
	title = {Plant functional traits have globally consistent effects on competition},
	journal = {Nature}
}
@article{rosado2017_csr,
	doi = {10.1111/1365-2435.12894},
	url = {https://doi.org/10.1111%2F1365-2435.12894},
	year = 2017,
	month = {may},
	publisher = {Wiley-Blackwell},
	volume = {31},
	number = {10},
	pages = {1969--1974},
	author = {Bruno H. P. Rosado and Eduardo A. de Mattos},
	editor = {Jennifer Baltzer},
	title = {On the relative importance of {CSR} ecological strategies and integrative traits to explain species dominance at local scales},
	journal = {Functional Ecology}
}
@article{kattge2009_try,
	doi = {10.1111/j.1365-2486.2011.02451.x},
	url = {https://doi.org/10.1111%2Fj.1365-2486.2011.02451.x},
	year = 2011,
	month = {jun},
	publisher = {Wiley-Blackwell},
	volume = {17},
	number = {9},
	pages = {2905--2935},
	author = {J. KATTGE and S. D{\'{I}}AZ and S. LAVOREL and I. C. PRENTICE and P. LEADLEY and G. BÖNISCH and E. GARNIER and M. WESTOBY and P. B. REICH and I. J. WRIGHT and J. H. C. CORNELISSEN and C. VIOLLE and S. P. HARRISON and P. M. Van BODEGOM and M. REICHSTEIN and B. J. ENQUIST and N. A. SOUDZILOVSKAIA and D. D. ACKERLY and M. ANAND and O. ATKIN and M. BAHN and T. R. BAKER and D. BALDOCCHI and R. BEKKER and C. C. BLANCO and B. BLONDER and W. J. BOND and R. BRADSTOCK and D. E. BUNKER and F. CASANOVES and J. CAVENDER-BARES and J. Q. CHAMBERS and F. S. CHAPIN III and J. CHAVE and D. COOMES and W. K. CORNWELL and J. M. CRAINE and B. H. DOBRIN and L. DUARTE and W. DURKA and J. ELSER and G. ESSER and M. ESTIARTE and W. F. FAGAN and J. FANG and F. FERN{\'{A}}NDEZ-M{\'{E}}NDEZ and A. FIDELIS and B. FINEGAN and O. FLORES and H. FORD and D. FRANK and G. T. FRESCHET and N. M. FYLLAS and R. V. GALLAGHER and W. A. GREEN and A. G. GUTIERREZ and T. HICKLER and S. I. HIGGINS and J. G. HODGSON and A. JALILI and S. JANSEN and C. A. JOLY and A. J. KERKHOFF and D. KIRKUP and K. KITAJIMA and M. KLEYER and S. KLOTZ and J. M. H. KNOPS and K. KRAMER and I. KÜHN and H. KUROKAWA and D. LAUGHLIN and T. D. LEE and M. LEISHMAN and F. LENS and T. LENZ and S. L. LEWIS and J. LLOYD and J. LLUSI{\`{A}} and F. LOUAULT and S. MA and M. D. MAHECHA and P. MANNING and T. MASSAD and B. E. MEDLYN and J. MESSIER and A. T. MOLES and S. C. MÜLLER and K. NADROWSKI and S. NAEEM and Ü. NIINEMETS and S. NÖLLERT and A. NÜSKE and R. OGAYA and J. OLEKSYN and V. G. ONIPCHENKO and Y. ONODA and J. ORDO{\~{N}}EZ and G. OVERBECK and W. A. OZINGA and S. PATI{\~{N}}O and S. PAULA and J. G. PAUSAS and J. PE{\~{N}}UELAS and O. L. PHILLIPS and V. PILLAR and H. POORTER and L. POORTER and P. POSCHLOD and A. PRINZING and R. PROULX and A. RAMMIG and S. REINSCH and B. REU and L. SACK and B. SALGADO-NEGRET and J. SARDANS and S. SHIODERA and B. SHIPLEY and A. SIEFERT and E. SOSINSKI and J.-F. SOUSSANA and E. SWAINE and N. SWENSON and K. THOMPSON and P. THORNTON and M. WALDRAM and E. WEIHER and M. WHITE and S. WHITE and S. J. WRIGHT and B. YGUEL and S. ZAEHLE and A. E. ZANNE and C. WIRTH},
	title = {{TRY} - a global database of plant traits},
	journal = {Global Change Biology}
}
@article{iversen2017_fred,
	doi = {10.1111/nph.14486},
	url = {https://doi.org/10.1111%2Fnph.14486},
	year = 2017,
	month = {feb},
	publisher = {Wiley-Blackwell},
	volume = {215},
	number = {1},
	pages = {15--26},
	author = {Colleen M. Iversen and M. Luke McCormack and A. Shafer Powell and Christopher B. Blackwood and Gr{\'{e}}goire T. Freschet and Jens Kattge and Catherine Roumet and Daniel B. Stover and Nadejda A. Soudzilovskaia and Oscar J. Valverde-Barrantes and Peter M. van Bodegom and Cyrille Violle},
	title = {A global Fine-Root Ecology Database to address below-ground challenges in plant ecology},
	journal = {New Phytologist}
}
@article{jetz2016_diversity,
	doi = {10.1038/nplants.2016.24},
	url = {https://doi.org/10.1038%2Fnplants.2016.24},
	year = 2016,
	month = {mar},
	publisher = {Springer Nature},
	volume = {2},
	number = {3},
	pages = {16024},
	author = {Walter Jetz and Jeannine Cavender-Bares and Ryan Pavlick and David Schimel and Frank W. Davis and Gregory P. Asner and Robert Guralnick and Jens Kattge and Andrew M. Latimer and Paul Moorcroft and Michael E. Schaepman and Mark P. Schildhauer and Fabian D. Schneider and Franziska Schrodt and Ulrike Stahl and Susan L. Ustin},
	title = {Monitoring plant functional diversity from space},
	journal = {Nature Plants}
}
@article{tittensor2014_targets,
	doi = {10.1126/science.1257484},
	url = {https://doi.org/10.1126%2Fscience.1257484},
	year = 2014,
	month = {oct},
	publisher = {American Association for the Advancement of Science ({AAAS})},
	volume = {346},
	number = {6206},
	pages = {241--244},
	author = {D. P. Tittensor and M. Walpole and S. L. L. Hill and D. G. Boyce and G. L. Britten and N. D. Burgess and S. H. M. Butchart and P. W. Leadley and E. C. Regan and R. Alkemade and R. Baumung and C. Bellard and L. Bouwman and N. J. Bowles-Newark and A. M. Chenery and W. W. L. Cheung and V. Christensen and H. D. Cooper and A. R. Crowther and M. J. R. Dixon and A. Galli and V. Gaveau and R. D. Gregory and N. L. Gutierrez and T. L. Hirsch and R. Hoft and S. R. Januchowski-Hartley and M. Karmann and C. B. Krug and F. J. Leverington and J. Loh and R. K. Lojenga and K. Malsch and A. Marques and D. H. W. Morgan and P. J. Mumby and T. Newbold and K. Noonan-Mooney and S. N. Pagad and B. C. Parks and H. M. Pereira and T. Robertson and C. Rondinini and L. Santini and J. P. W. Scharlemann and S. Schindler and U. R. Sumaila and L. S. L. Teh and J. van Kolck and P. Visconti and Y. Ye},
	title = {A mid-term analysis of progress toward international biodiversity targets},
	journal = {Science}
}
@article{pereira2013_ebv,
	doi = {10.1126/science.1229931},
	url = {https://doi.org/10.1126%2Fscience.1229931},
	year = 2013,
	month = {jan},
	publisher = {American Association for the Advancement of Science ({AAAS})},
	volume = {339},
	number = {6117},
	pages = {277--278},
	author = {H. M. Pereira and S. Ferrier and M. Walters and G. N. Geller and R. H. G. Jongman and R. J. Scholes and M. W. Bruford and N. Brummitt and S. H. M. Butchart and A. C. Cardoso and N. C. Coops and E. Dulloo and D. P. Faith and J. Freyhof and R. D. Gregory and C. Heip and R. Hoft and G. Hurtt and W. Jetz and D. S. Karp and M. A. McGeoch and D. Obura and Y. Onoda and N. Pettorelli and B. Reyers and R. Sayre and J. P. W. Scharlemann and S. N. Stuart and E. Turak and M. Walpole and M. Wegmann},
	title = {Essential Biodiversity Variables},
	journal = {Science}
}
@article{geijzendorffer2015_ebv,
	doi = {10.1111/1365-2664.12417},
	url = {https://doi.org/10.1111%2F1365-2664.12417},
	year = 2015,
	month = {mar},
	publisher = {Wiley-Blackwell},
	volume = {53},
	number = {5},
	pages = {1341--1350},
	author = {Ilse R. Geijzendorffer and Eugenie C. Regan and Henrique M. Pereira and Lluis Brotons and Neil Brummitt and Yoni Gavish and Peter Haase and Corinne S. Martin and Jean-Baptiste Mihoub and Cristina Secades and Dirk S. Schmeller and Stefan Stoll and Florian T. Wetzel and Michele Walters},
	editor = {Marc Cadotte},
	title = {Bridging the gap between biodiversity data and policy reporting needs: An Essential Biodiversity Variables perspective},
	journal = {Journal of Applied Ecology}
}
@article{schimel2015_observing,
	doi = {10.1111/gcb.12822},
	url = {https://doi.org/10.1111%2Fgcb.12822},
	year = 2015,
	month = {feb},
	publisher = {Wiley-Blackwell},
	volume = {21},
	number = {5},
	pages = {1762--1776},
	author = {David Schimel and Ryan Pavlick and Joshua B. Fisher and Gregory P. Asner and Sassan Saatchi and Philip Townsend and Charles Miller and Christian Frankenberg and Kathy Hibbard and Peter Cox},
	title = {Observing terrestrial ecosystems and the carbon cycle from space},
	journal = {Global Change Biology}
}
@article{schimel2013_observing,
	doi = {10.1890/120111},
	url = {https://doi.org/10.1890%2F120111},
	year = 2013,
	month = {apr},
	publisher = {Wiley-Blackwell},
	volume = {11},
	number = {3},
	pages = {129--137},
	author = {David S Schimel and Gregory P Asner and Paul Moorcroft},
	title = {Observing changing ecological diversity in the Anthropocene},
	journal = {Frontiers in Ecology and the Environment}
}
@article{schneider2017_mapping,
	doi = {10.1038/s41467-017-01530-3},
	url = {https://doi.org/10.1038%2Fs41467-017-01530-3},
	year = 2017,
	month = {nov},
	publisher = {Springer Nature},
	volume = {8},
	number = {1},
	author = {Fabian D. Schneider and Felix Morsdorf and Bernhard Schmid and Owen L. Petchey and Andreas Hueni and David S. Schimel and Michael E. Schaepman},
	title = {Mapping functional diversity from remotely sensed morphological and physiological forest traits},
	journal = {Nature Communications}
}
@article{asner2017_scale,
	doi = {10.1111/nph.14068},
	url = {https://doi.org/10.1111%2Fnph.14068},
	year = 2016,
	month = {jun},
	publisher = {Wiley-Blackwell},
	volume = {214},
	number = {3},
	pages = {973--988},
	author = {Gregory P. Asner and Roberta E. Martin and Christopher B. Anderson and Katherine Kryston and Nicholas Vaughn and David E. Knapp and Lisa Patrick Bentley and Alexander Shenkin and Norma Salinas and Felipe Sinca and Raul Tupayachi and Katherine Quispe Huaypar and Milenka Montoya Pillco and Flor Delis Ccori {\'{A}}lvarez and Sandra D{\'{\i}}az and Brian J. Enquist and Yadvinder Malhi},
	title = {Scale dependence of canopy trait distributions along a tropical forest elevation gradient},
	journal = {New Phytologist}
}
@article{singh2015_istraits,
	doi = {10.1890/14-2098.1},
	url = {https://doi.org/10.1890%2F14-2098.1},
	year = 2015,
	month = {dec},
	publisher = {Wiley-Blackwell},
	volume = {25},
	number = {8},
	pages = {2180--2197},
	author = {Aditya Singh and Shawn P. Serbin and Brenden E. McNeil and Clayton C. Kingdon and Philip A. Townsend},
	title = {Imaging spectroscopy algorithms for mapping canopy foliar chemical and morphological traits and their uncertainties},
	journal = {Ecological Applications}
}
@article{vanbodegom2012_beyond,
	doi = {10.1111/j.1466-8238.2011.00717.x},
	url = {https://doi.org/10.1111%2Fj.1466-8238.2011.00717.x},
	year = 2011,
	month = {dec},
	publisher = {Wiley-Blackwell},
	volume = {21},
	number = {6},
	pages = {625--636},
	author = {P. M. Van Bodegom and J. C. Douma and J. P. M. Witte and J. C. Ordo{\~{n}}ez and R. P. Bartholomeus and R. Aerts},
	title = {Going beyond limitations of plant functional types when predicting global ecosystem-atmosphere fluxes: exploring the merits of traits-based approaches},
	journal = {Global Ecology and Biogeography}
}
@article{verheijen2015_inclusion,
	doi = {10.1111/gcb.12871},
	url = {https://doi.org/10.1111%2Fgcb.12871},
	year = 2015,
	month = {mar},
	publisher = {Wiley-Blackwell},
	volume = {21},
	number = {8},
	pages = {3074--3086},
	author = {Lieneke M. Verheijen and Rien Aerts and Victor Brovkin and Jeannine Cavender-Bares and Johannes H. C. Cornelissen and Jens Kattge and Peter M. van Bodegom},
	title = {Inclusion of ecologically based trait variation in plant functional types reduces the projected land carbon sink in an earth system model},
	journal = {Global Change Biology}
}
@article{vanbodegom2014_fully,
	doi = {10.1073/pnas.1304551110},
	url = {https://doi.org/10.1073%2Fpnas.1304551110},
	year = 2014,
	month = {sep},
	publisher = {Proceedings of the National Academy of Sciences},
	volume = {111},
	number = {38},
	pages = {13733--13738},
	author = {P. M. van Bodegom and J. C. Douma and L. M. Verheijen},
	title = {A fully traits-based approach to modeling global vegetation distribution},
	journal = {Proceedings of the National Academy of Sciences}
}
@article{verheijen2015_variation,
	doi = {10.1111/nph.13623},
	url = {https://doi.org/10.1111%2Fnph.13623},
	year = 2015,
	month = {sep},
	publisher = {Wiley-Blackwell},
	volume = {209},
	number = {2},
	pages = {563--575},
	author = {Lieneke M. Verheijen and Rien Aerts and Gerhard Bönisch and Jens Kattge and Peter M. Van Bodegom},
	title = {Variation in trait trade-offs allows differentiation among predefined plant functional types: implications for predictive ecology},
	journal = {New Phytologist}
}
@article{shiklomanov2016_rse,
	doi = {10.1016/j.rse.2016.05.023},
	url = {https://doi.org/10.1016%2Fj.rse.2016.05.023},
	year = 2016,
	month = {sep},
	publisher = {Elsevier {BV}},
	volume = {183},
	pages = {226--238},
	author = {Alexey N. Shiklomanov and Michael C. Dietze and Toni Viskari and Philip A. Townsend and Shawn P. Serbin},
	title = {Quantifying the influences of spectral resolution on uncertainty in leaf trait estimates through a Bayesian approach to {RTM} inversion},
	journal = {Remote Sensing of Environment}
}
@article{feret2008_prospect,
	doi = {10.1016/j.rse.2008.02.012},
	url = {https://doi.org/10.1016%2Fj.rse.2008.02.012},
	year = 2008,
	month = {jun},
	publisher = {Elsevier {BV}},
	volume = {112},
	number = {6},
	pages = {3030--3043},
	author = {Jean-Baptiste Feret and Christophe Fran{\c{c}}ois and Gregory P. Asner and Anatoly A. Gitelson and Roberta E. Martin and Luc P.R. Bidel and Susan L. Ustin and Guerric le Maire and St{\'{e}}phane Jacquemoud},
	title = {{PROSPECT}-4 and 5: Advances in the leaf optical properties model separating photosynthetic pigments},
	journal = {Remote Sensing of Environment}
}
@article{jacquemoud1990_prospect,
	doi = {10.1016/0034-4257(90)90100-z},
	url = {https://doi.org/10.1016%2F0034-4257%2890%2990100-z},
	year = 1990,
	month = {nov},
	publisher = {Elsevier {BV}},
	volume = {34},
	number = {2},
	pages = {75--91},
	author = {S. Jacquemoud and F. Baret},
	title = {{PROSPECT}: A model of leaf optical properties spectra},
	journal = {Remote Sensing of Environment}
}
@article{feret2017_prospectd,
	doi = {10.1016/j.rse.2017.03.004},
	url = {https://doi.org/10.1016%2Fj.rse.2017.03.004},
	year = 2017,
	month = {may},
	publisher = {Elsevier {BV}},
	volume = {193},
	pages = {204--215},
	author = {J.-B. F{\'{e}}ret and A.A. Gitelson and S.D. Noble and S. Jacquemoud},
	title = {{PROSPECT}-D: Towards modeling leaf optical properties through a complete lifecycle},
	journal = {Remote Sensing of Environment}
}
@Manual{bayesiantools,
    title = {BayesianTools: General-Purpose MCMC and SMC Samplers and Tools for Bayesian Statistics},
    author = {Florian Hartig and Francesco Minunno and Stefan { Paul}},
    year = {2017},
    note = {R package version 0.1.3},
    url = {https://CRAN.R-project.org/package=BayesianTools},
}
@Manual{prospectr,
    title = {An introduction to the prospectr package},
    author = {Antoine Stevens and Leornardo Ramirez-Lopez},
    publication = {R package Vignette},
    year = {2013},
    note = {R package version 0.1.3},
}
@Manual{rstats,
    title = {R: A Language and Environment for Statistical Computing},
    author = {{R Core Team}},
    organization = {R Foundation for Statistical Computing},
    address = {Vienna, Austria},
    year = {2017},
    url = {https://www.R-project.org/},
}
@article{worldclim,
	title={WorldClim-2: New 1-km spatial resolution climate surfaces for global land areas.},
    author={Fick, S. E. and Hijmans, R. J.},
	journal={International Journal of Climatology},
	year={2017}
}
@article{shiklomanov_newphyt,
    title={Covariance as constraint: Leveraging leaf economic relationships to constrain plant functional type trait estimates},
    author={Alexey N. Shiklomanov and Elizabeth M. Cowdery and Michael Bahn and Chaeho Byun and Joseph Craine and Andr{\'{e}}s Gonzales-Melo and Alvaro G. Guti{\'{e}}rrez and Steven Jansen and Nathan Kraft and Koen Kramer and Vanessa Minden and Ülo Niinemets and Yusuke Onoda and Enio Egon Sosinski and Nadejda A. Soudzilovskaia and Michael C. Dietze},
    journal={New Phytologist},
    year={in review}
}
@article{barnes_2017_beyond,
	doi = {10.1371/journal.pone.0189539},
	url = {https://doi.org/10.1371%2Fjournal.pone.0189539},
	year = 2017,
	month = {dec},
	publisher = {Public Library of Science ({PLoS})},
	volume = {12},
	number = {12},
	pages = {e0189539},
	author = {Mallory L. Barnes and David D. Breshears and Darin J. Law and Willem J. D. van Leeuwen and Russell K. Monson and Alec C. Fojtik and Greg A. Barron-Gafford and David J. P. Moore},
	editor = {Krishna Prasad Vadrevu},
	title = {Beyond greenness: Detecting temporal changes in photosynthetic capacity with hyperspectral reflectance data},
	journal = {{PLOS} {ONE}}
}
@article{cavenderbares_2017_harnessing,
	doi = {10.3732/ajb.1700061},
	url = {https://doi.org/10.3732%2Fajb.1700061},
	year = 2017,
	month = {jul},
	publisher = {Wiley-Blackwell},
	volume = {104},
	number = {7},
	pages = {966--969},
	author = {Jeannine Cavender-Bares and John A. Gamon and Sarah E. Hobbie and Michael D. Madritch and Jos{\'{e}} Eduardo Meireles and Anna K. Schweiger and Philip A. Townsend},
	title = {Harnessing plant spectra to integrate the biodiversity sciences across biological and spatial scales},
	journal = {American Journal of Botany}
}
@article{mcmanus_2016_phylogenetic,
	doi = {10.3390/rs8030196},
	url = {https://doi.org/10.3390%2Frs8030196},
	year = 2016,
	month = {feb},
	publisher = {{MDPI} {AG}},
	volume = {8},
	number = {12},
	pages = {196},
	author = {Kelly McManus and Gregory Asner and Roberta Martin and Kyle Dexter and W. Kress and Christopher Field},
	title = {Phylogenetic Structure of Foliar Spectral Traits in Tropical Forest Canopies},
	journal = {Remote Sensing}
}
@article{hanavan_2015_hemlock,
	doi = {10.1093/jee/tou015},
	url = {https://doi.org/10.1093%2Fjee%2Ftou015},
	year = 2015,
	month = {jan},
	publisher = {Oxford University Press ({OUP})},
	volume = {108},
	number = {1},
	pages = {339--349},
	author = {R. P. Hanavan and J. Pontius and R. Hallett},
	title = {A 10-Year Assessment of Hemlock Decline in the Catskill Mountain Region of New York State Using Hyperspectral Remote Sensing Techniques},
	journal = {Journal of Economic Entomology}
}
@article{couture_2016_spectroscopic,
	doi = {10.1111/2041-210x.12596},
	url = {https://doi.org/10.1111%2F2041-210x.12596},
	year = 2016,
	month = {jul},
	publisher = {Wiley-Blackwell},
	volume = {7},
	number = {11},
	pages = {1402--1412},
	author = {John J. Couture and Aditya Singh and Kennedy F. Rubert-Nason and Shawn P. Serbin and Richard L. Lindroth and Philip A. Townsend},
	editor = {Matthew Davey},
	title = {Spectroscopic determination of ecologically relevant plant secondary metabolites},
	journal = {Methods in Ecology and Evolution}
}
@article{sun_2018_reflectance,
	doi = {10.1111/aab.12423},
	url = {https://doi.org/10.1111%2Faab.12423},
	year = 2018,
	month = {feb},
	publisher = {Wiley-Blackwell},
	author = {C.X. Sun and C.C. Li and C.Y. Zhang and L.Y. Hao and M. Song and W. Liu and Y.L. Zhang},
	title = {Reflectance and biochemical responses of maize plants to drought and re-watering cycles},
	journal = {Annals of Applied Biology}
}
@article{hudson_2018_american,
	doi = {10.1002/jpln.201700074},
	url = {https://doi.org/10.1002%2Fjpln.201700074},
	year = 2018,
	month = {jan},
	publisher = {Wiley-Blackwell},
	author = {Janice E. Hudson and Delphis F. Levia and Kathryn I. Wheeler and Catherine G. Winters and Matthew C. H. Vaughan and Jameson F. Chace and Ryan Sleeper},
	title = {American beech leaf-litter leachate chemistry: Effects of geography and phenophase
		},
	journal = {Journal of Plant Nutrition and Soil Science}
}
@article{gara_2018_impact,
	doi = {10.3390/rs10020346},
	url = {https://doi.org/10.3390%2Frs10020346},
	year = 2018,
	month = {feb},
	publisher = {{MDPI} {AG}},
	volume = {10},
	number = {2},
	pages = {346},
	author = {Tawanda Gara and Roshanak Darvishzadeh and Andrew Skidmore and Tiejun Wang},
	title = {Impact of Vertical Canopy Position on Leaf Spectral Properties and Traits across Multiple Species},
	journal = {Remote Sensing}
}
@article{wang_2018_mapping,
	doi = {10.1016/j.agrformet.2018.02.010},
	url = {https://doi.org/10.1016%2Fj.agrformet.2018.02.010},
	year = 2018,
	month = {may},
	publisher = {Elsevier {BV}},
	volume = {253-254},
	pages = {247--260},
	author = {Zhihui Wang and Andrew K. Skidmore and Roshanak Darvishzadeh and Tiejun Wang},
	title = {Mapping forest canopy nitrogen content by inversion of coupled leaf-canopy radiative transfer models from airborne hyperspectral imagery},
	journal = {Agricultural and Forest Meteorology}
}
@article{wang_2015_applicability,
	doi = {10.1016/j.rse.2015.07.007},
	url = {https://doi.org/10.1016%2Fj.rse.2015.07.007},
	year = 2015,
	month = {oct},
	publisher = {Elsevier {BV}},
	volume = {168},
	pages = {205--218},
	author = {Zhihui Wang and Andrew K. Skidmore and Tiejun Wang and Roshanak Darvishzadeh and John Hearne},
	title = {Applicability of the {PROSPECT} model for estimating protein and cellulose + lignin in fresh leaves},
	journal = {Remote Sensing of Environment}
}
@article{wang_2015_leaf,
	doi = {10.1109/jstars.2015.2422734},
	url = {https://doi.org/10.1109%2Fjstars.2015.2422734},
	year = 2015,
	month = {jun},
	publisher = {Institute of Electrical and Electronics Engineers ({IEEE})},
	volume = {8},
	number = {6},
	pages = {3172--3182},
	author = {Zhihui Wang and Andrew K. Skidmore and Roshanak Darvishzadeh and Uta Heiden and Marco Heurich and Tiejun Wang},
	title = {Leaf Nitrogen Content Indirectly Estimated by Leaf Traits Derived From the {PROSPECT} Model},
	journal = {{IEEE} Journal of Selected Topics in Applied Earth Observations and Remote Sensing}
}
@article{ewald_2018_analyzing,
	doi = {10.1007/s10530-018-1700-9},
	url = {https://doi.org/10.1007%2Fs10530-018-1700-9},
	year = 2018,
	month = {mar},
	publisher = {Springer Nature},
	author = {Michael Ewald and Sandra Skowronek and Raf Aerts and Klara Dolos and Jonathan Lenoir and Manuel Nicolas and Jens Warrie and Tarek Hattab and Hannes Feilhauer and Olivier Honnay and Carol X. Garz{\'{o}}n-L{\'{o}}pez and Guillaume Decocq and Ruben Van De Kerchove and Ben Somers and Duccio Rocchini and Sebastian Schmidtlein},
	title = {Analyzing remotely sensed structural and chemical canopy traits of a forest invaded by Prunus serotina over multiple spatial scales},
	journal = {Biological Invasions}
}
@article{zhang_2017_extended,
	doi = {10.1038/s41598-017-06694-y},
	url = {https://doi.org/10.1038%2Fs41598-017-06694-y},
	year = 2017,
	month = {jul},
	publisher = {Springer Nature},
	volume = {7},
	number = {1},
	author = {Yao Zhang and Jingfeng Huang and Fumin Wang and George Alan Blackburn and Hankui K. Zhang and Xiuzhen Wang and Chuanwen Wei and Kangyu Zhang and Chen Wei},
	title = {An extended {PROSPECT}: Advance in the leaf optical properties model separating total chlorophylls into chlorophyll a and b},
	journal = {Scientific Reports}
}
@article{violle_2007_concept,
	doi = {10.1111/j.0030-1299.2007.15559.x},
	url = {https://doi.org/10.1111%2Fj.0030-1299.2007.15559.x},
	year = 2007,
	month = {may},
	publisher = {Wiley-Blackwell},
	volume = {116},
	number = {5},
	pages = {882--892},
	author = {Cyrille Violle and Marie-Laure Navas and Denis Vile and Elena Kazakou and Claire Fortunel and Ir{\`{e}}ne Hummel and Eric Garnier},
	title = {Let the concept of trait be functional!},
	journal = {Oikos}
}
@article{jacquemoud_2009_prosail,
	doi = {10.1016/j.rse.2008.01.026},
	url = {https://doi.org/10.1016%2Fj.rse.2008.01.026},
	year = 2009,
	month = {sep},
	publisher = {Elsevier {BV}},
	volume = {113},
	pages = {S56--S66},
	author = {St{\'{e}}phane Jacquemoud and Wout Verhoef and Fr{\'{e}}d{\'{e}}ric Baret and C{\'{e}}dric Bacour and Pablo J. Zarco-Tejada and Gregory P. Asner and Christophe Fran{\c{c}}ois and Susan L. Ustin},
	title = {{PROSPECT} + {SAIL} models: A review of use for vegetation characterization},
	journal = {Remote Sensing of Environment}
}
@article{yang_2016_seasonal,
	doi = {10.1016/j.rse.2016.03.026},
	url = {https://doi.org/10.1016%2Fj.rse.2016.03.026},
	year = 2016,
	month = {jun},
	publisher = {Elsevier {BV}},
	volume = {179},
	pages = {1--12},
	author = {Xi Yang and Jianwu Tang and John F. Mustard and Jin Wu and Kaiguang Zhao and Shawn Serbin and Jung-Eun Lee},
	title = {Seasonal variability of multiple leaf traits captured by leaf spectroscopy at two temperate deciduous forests},
	journal = {Remote Sensing of Environment}
}
@article{allen_1969_interaction,
	doi = {10.1364/josa.59.001376},
	url = {https://doi.org/10.1364%2Fjosa.59.001376},
	year = 1969,
	month = {oct},
	publisher = {The Optical Society},
	volume = {59},
	number = {10},
	pages = {1376},
	author = {William A. Allen and Harold W. Gausman and Arthur J. Richardson and James R. Thomas},
	title = {Interaction of Isotropic Light with a Compact Plant Leaf},
	journal = {Journal of the Optical Society of America}
}
@article{li_2013_retrieval,
	doi = {10.1080/01431161.2012.744859},
	url = {https://doi.org/10.1080%2F01431161.2012.744859},
	year = 2013,
	month = {apr},
	publisher = {Informa {UK} Limited},
	volume = {34},
	number = {7},
	pages = {2402--2416},
	author = {Pingheng Li and Quan Wang},
	title = {Retrieval of chlorophyll for assimilating branches of a typical desert plant through inversed radiative transfer models},
	journal = {International Journal of Remote Sensing}
}
@article{poorter_2009_causes,
	doi = {10.1111/j.1469-8137.2009.02830.x},
	url = {https://doi.org/10.1111%2Fj.1469-8137.2009.02830.x},
	year = 2009,
	month = {may},
	publisher = {Wiley-Blackwell},
	volume = {182},
	number = {3},
	pages = {565--588},
	author = {Hendrik Poorter and Ülo Niinemets and Lourens Poorter and Ian J. Wright and Rafael Villar},
	title = {Causes and consequences of variation in leaf mass per area ({LMA}): a meta-analysis},
	journal = {New Phytologist}
}
@article{alves_2015_soybean,
	doi = {10.1093/jee/tov250},
	url = {https://doi.org/10.1093%2Fjee%2Ftov250},
	year = 2015,
	month = {aug},
	publisher = {Oxford University Press ({OUP})},
	volume = {108},
	number = {6},
	pages = {2655--2664},
	author = {Tavvs M. Alves and Ian V. Macrae and Robert L. Koch},
	title = {Soybean Aphid (Hemiptera: Aphididae) Affects Soybean Spectral Reflectance},
	journal = {Journal of Economic Entomology}
}
@article{luo_2012_evaluation,
	doi = {10.1007/s11119-012-9283-4},
	url = {https://doi.org/10.1007%2Fs11119-012-9283-4},
	year = 2012,
	month = {sep},
	publisher = {Springer Nature},
	volume = {14},
	number = {2},
	pages = {151--161},
	author = {Juhua Luo and Wenjiang Huang and Lin Yuan and Chunjiang Zhao and Shizhou Du and Jingcheng Zhang and Jinling Zhao},
	title = {Evaluation of spectral indices and continuous wavelet analysis to quantify aphid infestation in wheat},
	journal = {Precision Agriculture}
}
@article{hikosaka_1995_model,
	doi = {10.1111/j.1365-3040.1995.tb00562.x},
	url = {https://doi.org/10.1111%2Fj.1365-3040.1995.tb00562.x},
	year = 1995,
	month = {jun},
	publisher = {Wiley-Blackwell},
	volume = {18},
	number = {6},
	pages = {605--618},
	author = {K. HIKOSAKA and I. TERASHIMA},
	title = {A model of the acclimation of photosynthesis in the leaves of C3 plants to sun and shade with respect to nitrogen use},
	journal = {Plant, Cell and Environment}
}
@article{steyn_2002_anthocyanins,
	doi = {10.1046/j.1469-8137.2002.00482.x},
	url = {https://doi.org/10.1046%2Fj.1469-8137.2002.00482.x},
	year = 2002,
	month = {sep},
	publisher = {Wiley-Blackwell},
	volume = {155},
	number = {3},
	pages = {349--361},
	author = {W. J. Steyn and S. J. E. Wand and D. M. Holcroft and G. Jacobs},
	title = {Anthocyanins in vegetative tissues: a proposed unified function in photoprotection},
	journal = {New Phytologist}
}
@article{young_1991_photoprotective,
	doi = {10.1111/j.1399-3054.1991.tb02490.x},
	url = {https://doi.org/10.1111%2Fj.1399-3054.1991.tb02490.x},
	year = 1991,
	month = {dec},
	publisher = {Wiley-Blackwell},
	volume = {83},
	number = {4},
	pages = {702--708},
	author = {Andrew John Young},
	title = {The photoprotective role of carotenoids in higher plants},
	journal = {Physiologia Plantarum}
}
@article{lindroth_2010_impacts,
	doi = {10.1007/s10886-009-9731-4},
	url = {https://doi.org/10.1007%2Fs10886-009-9731-4},
	year = 2010,
	month = {jan},
	publisher = {Springer Nature},
	volume = {36},
	number = {1},
	pages = {2--21},
	author = {Richard L. Lindroth},
	title = {Impacts of Elevated Atmospheric {CO}2 and O3 on Forests: Phytochemistry, Trophic Interactions, and Ecosystem Dynamics},
	journal = {Journal of Chemical Ecology}
}
@article{scholthof_2011_top10,
	doi = {10.1111/j.1364-3703.2011.00752.x},
	url = {https://doi.org/10.1111%2Fj.1364-3703.2011.00752.x},
	year = 2011,
	month = {oct},
	publisher = {Wiley-Blackwell},
	volume = {12},
	number = {9},
	pages = {938--954},
	author = {KAREN-BETH G. SCHOLTHOF and SCOTT ADKINS and HENRYK CZOSNEK and PETER PALUKAITIS and EMMANUEL JACQUOT and THOMAS HOHN and BARBARA HOHN and KEITH SAUNDERS and THIERRY CANDRESSE and PAUL AHLQUIST and CYNTHIA HEMENWAY and GARY D. FOSTER},
	title = {Top 10 plant viruses in molecular plant pathology},
	journal = {Molecular Plant Pathology}
}
